@book{scott2015multivariate,
  title={Multivariate density estimation: theory, practice, and visualization},
  author={Scott, David W},
  year={2015},
  publisher={John Wiley \& Sons}
}

@inproceedings{glorot2010understanding,
  title={Understanding the difficulty of training deep feedforward neural networks},
  author={Glorot, Xavier and Bengio, Yoshua},
  booktitle={Proceedings of the thirteenth international conference on artificial intelligence and statistics},
  pages={249--256},
  year={2010}
}

@InProceedings{kingma2015adam,
author = {Kingma, Diederick P and Ba, Jimmy},
title = {Adam: A method for stochastic optimization},
booktitle = { International Conference on Learning Representations (ICLR) },
year = {2015},
}

@article{tropp2012user,
  title={User-friendly tail bounds for sums of random matrices},
  author={Tropp, Joel A},
  journal={Foundations of computational mathematics},
  volume={12},
  number={4},
  pages={389--434},
  year={2012},
  publisher={Springer}
}
@inproceedings{glorot,
  title={Understanding the difficulty of training deep feedforward neural networks},
  author={Glorot, Xavier and Bengio, Yoshua},
  booktitle={Proceedings of the thirteenth international conference on artificial intelligence and statistics},
  pages={249--256},
  year={2010}
}




@book{shalev2014understanding,
  title={Understanding machine learning: From theory to algorithms},
  author={Shalev-Shwartz, Shai and Ben-David, Shai},
  year={2014},
  publisher={Cambridge university press}
}


@inproceedings{mcallester1999pac,
  title={PAC-Bayesian model averaging},
  author={McAllester, David A},
  booktitle={Proceedings of the twelfth annual conference on Computational learning theory},
  pages={164--170},
  year={1999},
  organization={ACM}
}

@incollection{mcallester2003simplified,
  title={Simplified PAC-Bayesian margin bounds},
  author={McAllester, David},
  booktitle={Learning theory and Kernel machines},
  pages={203--215},
  year={2003},
  publisher={Springer}
}


@techreport{langford2001bounds,
  title={Bounds for averaging classifiers},
  author={Langford, John and Seeger, Matthias},
  year={2001},
  institution={Carnegie Mellon, Department of Computer Science}
}


@article{dziugaite2017computing,
  title={Computing nonvacuous generalization bounds for deep (stochastic) neural networks with many more parameters than training data},
  author={Dziugaite, Gintare Karolina and Roy, Daniel M},
  journal={arXiv preprint arXiv:1703.11008},
  year={2017}
}

@inproceedings{dziugaite2018entropy,
  title={Entropy-SGD optimizes the prior of a PAC-Bayes bound: Generalization properties of Entropy-SGD and data-dependent priors},
  author={Dziugaite, Gintare Karolina and Roy, Daniel},
  booktitle={International Conference on Machine Learning},
  pages={1376--1385},
  year={2018}
}

@article{dziugaite2018data,
  title={Data-dependent PAC-Bayes priors via differential privacy},
  author={Dziugaite, Gintare Karolina and Roy, Daniel M},
  journal={arXiv preprint arXiv:1802.09583},
  year={2018}
}


@article{zhou2018non,
  title={Non-vacuous generalization bounds at the imagenet scale: a PAC-bayesian compression approach},
  author={Zhou, Wenda and Veitch, Victor and Austern, Morgane and Adams, Ryan P and Orbanz, Peter},
  journal={arXiv preprint arXiv:1804.05862},
  year={2018}
}




@article{bartlett1998sample,
  title={The sample complexity of pattern classification with neural networks: the size of the weights is more important than the size of the network},
  author={Bartlett, Peter L},
  journal={IEEE transactions on Information Theory},
  volume={44},
  number={2},
  pages={525--536},
  year={1998},
  publisher={Institute of Electrical and Electronics Engineers}
}


@inproceedings{hinton1993keeping,
  title={Keeping neural networks simple by minimizing the description length of the weights},
  author={Hinton, Geoffrey and Van Camp, Drew},
  booktitle={in Proc. of the 6th Ann. ACM Conf. on Computational Learning Theory},
  year={1993},
  organization={Citeseer}
}


@article{honkela2004variational,
  title={Variational learning and bits-back coding: an information-theoretic view to Bayesian learning},
  author={Honkela, Antti and Valpola, Harri},
  journal={IEEE Transactions on Neural Networks},
  volume={15},
  number={4},
  pages={800--810},
  year={2004},
  publisher={IEEE}
}






@inproceedings{golowich2018size,
  title={Size-independent sample complexity of neural networks},
  author={Golowich, Noah and Rakhlin, Alexander and Shamir, Ohad},
  booktitle={Conference On Learning Theory},
  pages={297--299},
  year={2018}
}

@inproceedings{harvey2017nearly,
  title={Nearly-tight VC-dimension bounds for piecewise linear neural networks},
  author={Harvey, Nick and Liaw, Christopher and Mehrabian, Abbas},
  booktitle={Conference on Learning Theory},
  pages={1064--1068},
  year={2017}
}


@article{shalev2010learnability,
  title={Learnability, stability and uniform convergence},
  author={Shalev-Shwartz, Shai and Shamir, Ohad and Srebro, Nathan and Sridharan, Karthik},
  journal={Journal of Machine Learning Research},
  volume={11},
  number={Oct},
  pages={2635--2670},
  year={2010}
}





@article{neyshabur2017pac,
  title={A pac-bayesian approach to spectrally-normalized margin bounds for neural networks},
  author={Neyshabur, Behnam and Bhojanapalli, Srinadh and McAllester, David and Srebro, Nathan},
  journal={arXiv preprint arXiv:1707.09564},
  year={2017}
}

@article{arora2018stronger,
  title={Stronger generalization bounds for deep nets via a compression approach},
  author={Arora, Sanjeev and Ge, Rong and Neyshabur, Behnam and Zhang, Yi},
  journal={arXiv preprint arXiv:1802.05296},
  year={2018}
}


@article{arora2019fine,
  title={Fine-Grained Analysis of Optimization and Generalization for Overparameterized Two-Layer Neural Networks},
  author={Arora, Sanjeev and Du, Simon S and Hu, Wei and Li, Zhiyuan and Wang, Ruosong},
  journal={arXiv preprint arXiv:1901.08584},
  year={2019}
}

@article{nagarajan2018deterministic,
  title={Deterministic PAC-Bayesian generalization bounds for deep networks via generalizing noise-resilience},
  author={Nagarajan, Vaishnavh and Kolter, Zico},
  year={2018}
}










@article{audibert2007combining,
  title={Combining PAC-Bayesian and generic chaining bounds},
  author={Audibert, Jean-Yves and Bousquet, Olivier},
  journal={Journal of Machine Learning Research},
  volume={8},
  number={Apr},
  pages={863--889},
  year={2007}
}